@article{handpaper,
    author = "A. D. Nobre and L. A. Cuartas and M. Hodnett and C. D. Renn\'o and G. Rodrigues and A. Silveira and M. Waterloo and S. Saleska",
    title = "Height Above the Nearest Drainage – a hydrologically relevant new terrain model",
    journal = "Journal of Hydrology",
    year = "2011",
    volume = "404",
    number = "1-2",
    pages = "13-29",
    month = "June",
    DOI = "10.1016/j.jhydrol.2011.03.051"
}

@techreport{nfie2015,
    author = "D. R. Maidment",
    title = "A Conceptual Framework for the National Flood Interoperability Experiment",
    institution = "Center for Research in Water Resources, University of Texas at Austin",
    year = "2015", 
    type = "Report", 
    url = "https://www.cuahsi.org/Files/Pages/documents/13623/nfieconceptualframework_revised_feb_9.pdf"
}
 
@misc{nwmsummary,
    author = "{Cosgrove, B. \& Klemmer, C.}",
    title = "National Water Model",
    year = "2016",
    url = "http://water.noaa.gov/about/nwm"
}

@misc{nhdplusv2,
    author = "{Horizon Systems Corporation}",
    title = "NHDPlus Version 2 User Guide",
    url = "ftp://ftp.horizon-systems.com/NHDplus/NHDPlusV21/Documentation/NHDPlusV2_User_Guide.pdf"
}

@misc{roughnesstable,
    title = "Table B-4: Roughness Coefficients (Manning's 'n') for Overland, Channel, and Pipe Flow",
    url = "http://www.shippensburgtownship.com/2010-01/media/development/Table%20B-4.pdf"
}

@mastersthesis{xingms,
    author = "X. Zheng",
    title = "Hydraulic fabric : an information framework for river channel cross section data",
    school = "University of Texas at Austin",
    year = "2015",
    url = "http://hdl.handle.net/2152/31786"
}

@misc{usgswaterwatch,
    author = "{United States Geological Survey}",
    title = "Water Watch",
    url = "http://waterwatch.usgs.gov"
}

@misc{nfiehand,
    author = "{Liu, Y. et al.}",
    title = "A CyberGIS approach to generate high-resolution Height Above Nearest Drainage (HAND) raster for national flood mapping",
    url = "http://cybergis.illinois.edu/events/cybergis16/home",
    year = "2016", 
    month = "July"
}

@article{ahgdingman,
    author = "S. L. Dingman",
    title = "Analytical derivation of at-a-station hydraulic–geometry relations",
    journal = "Journal of Hydrology",
    year = "2007",
    volume = "334",
    number = "1-2",
    month = "February",
    DOI = "10.1016/j.jhydrol.2006.09.021"    
}

@article{ahgchen,
    author = "C. Chen",
    title = "Unified Theory on Power Laws for Flow Resistance",
    journal = "Journal of Hydraulic Engineering",
    year = "1991",
    volume = "117",
    number = "3",
    pages = "371-389",
    month = "March",
    DOI = "10.1061/(ASCE)0733-9429(1991)117:3(371)"    
}

@mastersthesis{ahgmoore,
    author = "M. R. Moore",
    title = "Development of a high-resolution 1D/2D coupled flood simulation of Charles City, Iowa",
    school = "University of Iowa",
    year = "2011",
    url = "http://ir.uiowa.edu/etd/1032/"
}

@article{sathydroparams,
    author = "G. Liu and F. W. Schwartz and K Tseng and C. K. Shum",
    title = "Discharge and water-depth estimates for ungauged rivers: Combining hydrologic, hydraulic, and inverse modeling with stage and water-area measurements from satellites",
    journal = "Water Resources Research",
    year = "2015",
    volume = "51",
    number = "8",
    pages = "6017-6035",
    month = "August",
    DOI = "10.1002/2015WR016971" 
}

@article{ahgpavelsky,
    author = "L. Smith and T. Pavelsky",
    title = "Estimation of river discharge, propagation speed, and hydraulic geometry from space: Lena River, Siberia",
    journal = "Water Resources Research",
    year = "2008",
    volume = "44",
    number = "3",
    month = "March",
    DOI = "10.1029/2007WR006133"
}

@article{probfloodmaps,
    author = "{Di Baldassarre, G. et al.}",
    title = "Flood-plain mapping: a critical discussion of deterministic and probabilistic approaches",
    journal = "Hydrological Sciences Journal",
    year = "2010",
    volume = "55",
    number = "3",
    month = "April",
    DOI = "10.1080/02626661003683389"
}

@article{ahggastransfer,
    author = "{Raymond, P. et al.}",
    title = "Scaling the gas transfer velocity and hydraulic geometry in streams and small rivers",
    journal = "Journal of Hydrology",
    year = "2012",
    volume = "2",
    number = "1",
    pages = "41-53",
    month = "April",
    DOI = "10.1215/21573689-1597669"
}

@article{rcm_discharge,
    author = "A. Tarpanelli and S. Barbetta and L. Brocca and T. Moramarco",
    title = "River discharge estimation by using altimetry data and simplified flood routing modeling",
    journal = "Remote Sensing",
    year = "2013",
    volume = "5",
    number = "9", 
    pages = "4145-4162", 
    month = "August",
    DOI = "10.3390/rs5094145"
}

@article{asterxs,
    author = "{Gichamo, T. et al.}",
    title = "River cross-section extraction from the ASTER global DEM for flood modeling",
    journal = "Environmental Modelling \& Software",
    year = "2012",
    volume = "31",
    month = "May",
    DOI = "10.1016/j.envsoft.2011.12.003"
}

@mastersthesis{faganms,
    author = "C. Fagan",
    title = "Improving Flood Preparedness in South-Central Texas",
    school = "University of Texas at Austin",
    year = "2016",
    url = "http://hdl.handle.net/2152/38755"
}

@techreport{opera,
    author = "{Johnson, M., \textbf{Ruess, P.}, \& Coll, J.}",
    title = "OPERA - Operational Platform for Emergency Response and Awareness: Reimagining Disaster Alerts",
    institution = "CUAHSI",
    month = "October",
    year = "2016", 
    type = "{}",
    number = "", 
    DOI = "10.4211/technical.20161019", 
    note = "Ch. 13."
}

@article{tarb_flowdir_dem,
    author = "D. G. Tarboton",
    title = "A new method for the determination of flow directions and upslope areas in grid digital elevation models.",
    journal = "Water Resources Research",
    year = "1997",
    volume = "33",
    number = "2",
    pages = "309-319",
    month = "February",
    DOI = "10.1029/96WR03137"
}

@misc{nlcd,
    author = "{National Land Cover Database}",
    title = "The National Land Cover Database",
    url = "http://www.mrlc.gov/nlcd2011.php"
}

@misc{ned10m,
    author = "{National Elevation Dataset}",
    title = "The National Elevation Dataset",
    url = "https://lta.cr.usgs.gov/NED"
}

@techreport{disaster2015,
    author = "{Wahlstrom, M. \& Guha-Sapir, D.}",
    title = "Human Cost of Weather Related Disasters: 1995-2015",
    institution = "UNISDR, CRED",
    year = "2015",
    type = "Report",
    url = "http://cred.be/sites/default/files/HCWRD_2015.pdf"
}