@article{handpaper,
    author = "A. D. Nobre et al.",
    title = "Height Above the Nearest Drainage – a hydrologically relevant new terrain model",
    journal = "Journal of Hydrology",
    year = "2011",
    volume = "404",
    number = "1-2",
    pages = "13-29",
    month = "June",
    DOI = "http://dx.doi.org/10.1016/j.jhydrol.2011.03.051"
}

@techreport{nfie2015,
    author = "Maidment, D. R.",
    title = "A Conceptual Framework for the National Flood Interoperability Experiment",
    institution = "Center for Research in Water Resources, University of Texas at Austin",
    year = "2015", 
    type = "Report", 
    url = "https://www.cuahsi.org/Files/Pages/documents/13623/nfieconceptualframework_revised_feb_9.pdf"
}
 
@misc{nwmsummary,
    author = "Office of Water Prediction (OWP)",
    title = "The National Water Model",
    url = "http://water.noaa.gov/about/nwm"
}

@misc{nhdplusv2,
    author = "Horizon Systems Corporation",
    title = "NHDPlus Version 2 User Guide",
    url = "ftp://ftp.horizon-systems.com/NHDplus/NHDPlusV21/Documentation/NHDPlusV2_User_Guide.pdf"
}

@misc{roughnesstable,
    title = "Table B-4: Roughness Coefficients (Manning's 'n') for Overland, Channel, and Pipe Flow",
    url = "http://www.shippensburgtownship.com/2010-01/media/development/Table%20B-4.pdf"
}

@mastersthesis{xingms,
    author = "Zheng, X.",
    title = "Hydraulic fabric : an information framework for river channel cross section data",
    school = "University of Texas at Austin",
    year = "2015",
    url = "http://hdl.handle.net/2152/31786"
}

@misc{usgswaterwatch,
    author = "USGS",
    title = "Water Watch",
    url = "http://waterwatch.usgs.gov"
}

@misc{nfiehand,
    author = "Liu, Yan et al.",
    title = "NFIE Height Above Nearest Drainage: Computational Experience",
    url = "http://www.cigi.illinois.edu/yanliu/NFIEHAND.pdf",
    year = "2016", 
    month = "May"
}

@article{ahgdingman,
    author = "Dingman, S. Lawrence",
    title = "Analytical derivation of at-a-station hydraulic–geometry relations",
    journal = "Journal of Hydrology",
    year = "2007",
    volume = "334",
    number = "1-2",
    pages = "17-27",
    month = "February",
    DOI = "http://dx.doi.org/10.1016/j.jhydrol.2006.09.021"    
}

@article{ahgchen,
    author = "Chen, C.",
    title = "Unified Theory on Power Laws for Flow Resistance",
    journal = "Journal of Hydraulic Engineering",
    year = "1991",
    volume = "117",
    number = "3",
    pages = "371-389",
    month = "March",
    DOI = "http://dx.doi.org/10.1061/(ASCE)0733-9429(1991)117:3(371)"    
}

@mastersthesis{ahgmoore,
    author = "Moore, M. R.",
    title = "Development of a high-resolution 1D/2D coupled flood simulation of Charles City, Iowa",
    school = "University of Iowa",
    year = "2011",
    url = "http://ir.uiowa.edu/etd/1032/"
}

@article{sathydroparams,
    author = "Liu, Ganming et al.",
    title = "Discharge and water-depth estimates for ungauged rivers: Combining hydrologic, hydraulic, and inverse modeling with stage and water-area measurements from satellites",
    journal = "Water Resources Research",
    year = "2015",
    volume = "51",
    number = "8",
    pages = "6017-6035",
    month = "August",
    DOI = "http://dx.doi.org/10.1002/2015WR016971" 
}